@ARTICLE{article-minimal,
   author = {L[eslie] A. Aamport},
   title = {The Gnats and Gnus Document Preparation System},
   journal = {\mbox{G-Animal's} Journal},
   year = 1986,
}



@ARTICLE{article-full,
   author = {L[eslie] A. Aamport},
   title = {The Gnats and Gnus Document Preparation System},
   journal = {\mbox{G-Animal's} Journal},
   year = 1986,
   volume = 41,
   number = 7,
   pages = "73+",
   month = jul,
   note = "This is a full ARTICLE entry",
}

@Misc{Safe-Events,
  author = {Gallego Ferrer, Marcos Manuel},
  title =	 {Safe Events: control de aforos mediante RFID},
  key = "SAF",
  howpublished = {Disponible en: \url{https://m.riunet.upv.es/bitstream/handle/10251/89155/GALLEGO%20-%20Safe%20Events%3A%20control%20de%20aforos%20mediante%20RFID.pdf?sequence=1&isAllowed=y}},
  year = 2017
}

@Misc{TFG_apuestas,
  author = {Marina CASTELLOTE GARCÍA},
  title =	 {Desarrollo de una aplicación Android de apuestas
utilizando Firebase para la sincronización de datos},
  howpublished = {Disponible en: \url{http://repositori.uji.es/xmlui/bitstream/handle/10234/174192/TFG_2017_Castellote%20Garcia_Marina.pdf?sequence=1}},
  year = 2017
}

@Misc{TFG_bares,
  author = {Alejandro Mora López},
  title =	 {Diseño y programación de una aplicación móvil para
la gestión de información en bares y restaurantes},
  howpublished = {https://idus.us.es/bitstream/handle/11441/114919/TFG-3397-MORA%20LOPEZ.pdf?sequence=1&isAllowed=y}},
  year = 2021
}

@Misc{TFG_complu,
    author = {Víctor Tello Carrascal, Jesús Álvarez Coll
, Miguel Artell Moreno,Daniel Grado Guerrero},
  title =	 {Sistema de Control de Aforo en Espacios
Cerrados},
  howpublished = {[Archivos de video] Disponible en: \url{https://eprints.ucm.es/id/eprint/66909/1/%C3%81LVAREZ%20COLL%2051203_JESUS_ALVAREZ_COLL_TFG_164_GII_GIC_Sistema_de_Control_de_Aforo_en_Espacios_Cerrados_2021_784051_747739898.pdf}},
  year = 2020
}


@ARTICLE{whole-journal,
   key = "GAJ",
   journal = {\mbox{G-Animal's} Journal},
   year = 1986,
   volume = 41,
   number = 7,
   month = jul,
   note = {The entire issue is devoted to gnats and gnus
		(this entry is a cross-referenced ARTICLE (journal))},
}

@INBOOK{inbook-minimal,
   author = "Donald E. Knuth",
   title = "Fundamental Algorithms",
   publisher = "Addison-Wesley",
   year = "1973",
   chapter = "1.2",
}

@INBOOK{inbook-full,
   author = "Donald E. Knuth",
   title = "Fundamental Algorithms",
   volume = 1,
   series = "The Art of Computer Programming",
   publisher = "Addison-Wesley",
   address = "Reading, Massachusetts",
   edition = "Second",
   month = "10~" # jan,
   year = "1973",
   type = "Section",
   chapter = "1.2",
   pages = "10--119",
   note = "This is a full INBOOK entry",
}


@BOOK{book-minimal,
   author = "Donald E. Knuth",
   title = "Seminumerical Algorithms",
   publisher = "Addison-Wesley",
   year = "1981",
}

@BOOK{book-full,
   author = "Donald E. Knuth",
   title = "Seminumerical Algorithms",
   volume = 2,
   series = "The Art of Computer Programming",
   publisher = "Addison-Wesley",
   address = "Reading, Massachusetts",
   edition = "Second",
   month = "10~" # jan,
   year = "1981",
   note = "This is a full BOOK entry",
}



@INPROCEEDINGS{inproceedings-minimal,
   author = "Alfred V. Oaho and Jeffrey D. Ullman and Mihalis Yannakakis",
   title = "On Notions of Information Transfer in {VLSI} Circuits",
   booktitle = "Proc. Fifteenth Annual ACM",
   year = 1983,
}

@INPROCEEDINGS{inproceedings-full,
   author = "Alfred V. Oaho and Jeffrey D. Ullman and Mihalis Yannakakis",
   title = "On Notions of Information Transfer in {VLSI} Circuits",
   editor = "Wizard V. Oz and Mihalis Yannakakis",
   booktitle = "Proc. Fifteenth Annual ACM",
   number = 17,
   series = "All ACM Conferences",
   pages = "133--139",
   month = mar,
   year = 1983,
   address = "Boston",
   organization = ACM,
   publisher = "Academic Press",
   note = "This is a full INPROCEDINGS entry",
}



@PROCEEDINGS{proceedings-minimal,
   key = STOC-key,
   title = "Proc. Fifteenth Annual",
   year = 1983,
}

@PROCEEDINGS{proceedings-full,
   editor = "Wizard V. Oz and Mihalis Yannakakis",
   title = "Proc. Fifteenth Annual",
   number = 17,
   series = "All ACM Conferences",
   month = mar,
   year = 1983,
   address = "Boston",
   organization = ACM,
   publisher = "Academic Press",
   note = "This is a full PROCEEDINGS entry",
}

@PROCEEDINGS{whole-proceedings,
   key = STOC-key,
   organization = ACM,
   title = "Proc. Fifteenth Annual",
   address = "Boston",
   year = 1983,
   booktitle = "Proc. Fifteenth Annual ACM",
   note = "This is a cross-referenced PROCEEDINGS",
}

@Misc{NFC,
  title =	 {Conceptos básicos de NFC},
  howpublished = {Disponible en: \url{https://developer.android.com/guide/topics/connectivity/nfc/nfc?hl=es-419}}
}
@Misc{ProgressBar_developer,
  title =	 {Funcionamiento ProgressBar},
  howpublished = {Disponible en: \url{https://developer.android.com/reference/android/widget/ProgressBar}}
}
@Misc{ProgressBar_develou,
  title =	 {ProgressBar en Android},
  howpublished = {Disponible en: \url{https://www.develou.com/progressbar-en-android}}
}
@Misc{Firebase_DOC,
  title =	 {Documentación Real Time Database Firebase},
  howpublished = {Disponible en: \url{https://firebase.google.com/docs/database?hl=es}}
}
@Misc{Firebase_Tut,
    author = {Brais Moure},
  title =	 {FIREBASE Android Kotlin + Android Studio},
  howpublished = {[Archivos de video] Disponible en: \url{https://www.youtube.com/playlist?list=PLNdFk2_brsRcaGhfeeiVkW72qTYcn_nfQ}},
  year = 2020
}





@Misc{misc-url,
  author = {H. Comon and M. Dauchet and R. Gilleron and F. Jacquemard
and D. Lugiez and S. Tison and M. Tommasi},
  title =	 {Tree Automata Techniques and Applications},
  howpublished = {Available on: \url{http://www.grappa.univ-lille3.fr/tata}},
  note = {release October, 1rst 2002},
  year =	 1997
}

@book{milibro,
	author = {Carlos V. Regueiro},
	title = {Apuntes de Android},
	date = {2020},
}
